<record><leader>00000cas a22000007a 4500</leader><controlfield tag="001">40865837</controlfield><controlfield tag="008">990226d19921993sdudn ne      0    0eng d</controlfield><datafield ind1=" " ind2=" " tag="010"><subfield code="a">sn 99062812 </subfield></datafield><datafield ind1=" " ind2=" " tag="040"><subfield code="a">SXN</subfield><subfield code="b">eng</subfield><subfield code="c">SXN</subfield><subfield code="d">OCLCF</subfield><subfield code="d">OCLCO</subfield></datafield><datafield ind1="1" ind2=" " tag="029"><subfield code="a">AU@</subfield><subfield code="b">000020041682</subfield></datafield><datafield ind1=" " ind2=" " tag="042"><subfield code="a">msc</subfield></datafield><datafield ind1="0" ind2="0" tag="245"><subfield code="a">Huron plainsman.</subfield></datafield><datafield ind1="3" ind2="0" tag="246"><subfield code="a">Huron daily plainsman</subfield></datafield><datafield ind1=" " ind2=" " tag="260"><subfield code="a">Huron, S.D. :</subfield><subfield code="b">Huron Daily Plainsman,</subfield><subfield code="c">1992-1993.</subfield></datafield><datafield ind1=" " ind2=" " tag="300"><subfield code="a">v.</subfield></datafield><datafield ind1=" " ind2=" " tag="310"><subfield code="a">Daily (except Sat.)</subfield></datafield><datafield ind1="0" ind2=" " tag="362"><subfield code="a">Vol. 106, no. 307 (Jan. 3, 1992)-v. 108, no. 160 (July 9, 1993).</subfield></datafield><datafield ind1=" " ind2=" " tag="530"><subfield code="a">Available on microfilm from: State Archives, South Dakota State Historical Society.</subfield></datafield><datafield ind1=" " ind2="0" tag="651"><subfield code="a">Huron (S.D.)</subfield><subfield code="v">Newspapers.</subfield></datafield><datafield ind1=" " ind2="0" tag="651"><subfield code="a">Beadle County (S.D.)</subfield><subfield code="v">Newspapers.</subfield></datafield><datafield ind1=" " ind2="7" tag="655"><subfield code="a">Newspapers.</subfield><subfield code="2">fast</subfield><subfield code="0">(OCoLC)fst01423814</subfield></datafield><datafield ind1=" " ind2="7" tag="651"><subfield code="a">South Dakota</subfield><subfield code="z">Beadle County.</subfield><subfield code="2">fast</subfield><subfield code="0">(OCoLC)fst01209185</subfield></datafield><datafield ind1=" " ind2="7" tag="651"><subfield code="a">South Dakota</subfield><subfield code="z">Huron.</subfield><subfield code="2">fast</subfield><subfield code="0">(OCoLC)fst01215488</subfield></datafield><datafield ind1=" " ind2=" " tag="752"><subfield code="a">United States</subfield><subfield code="b">South Dakota</subfield><subfield code="c">Beadle</subfield><subfield code="d">Huron.</subfield></datafield><datafield ind1="0" ind2="0" tag="780"><subfield code="t">Huron daily plainsman</subfield><subfield code="w">(DLC)sn 99062811</subfield></datafield><datafield ind1="0" ind2="0" tag="785"><subfield code="t">Plainsman (Huron, S.D.)</subfield><subfield code="w">(DLC)sn 99062810</subfield></datafield></record>